<?xml version="1.0" encoding="UTF-8"?><collection xmlns="http://www.loc.gov/MARC21/slim"><record><leader>00533nam--2200181-u-4500</leader><controlfield tag="001">000053312</controlfield><controlfield tag="002">20161230</controlfield><controlfield tag="005">20161230201051</controlfield><controlfield tag="008">110204s1000------------r-----000-0-eng-d</controlfield><datafield ind1=" " ind2=" " tag="040"><subfield code="a">IFIN-HH</subfield></datafield><datafield ind1=" " ind2=" " tag="080"><subfield code="a">539.13</subfield></datafield><datafield ind1="1" ind2=" " tag="100"><subfield code="a">Badea, Aurelian F</subfield></datafield><datafield ind1="1" ind2="0" tag="245"><subfield code="a">Temporal structure of the muon component of cosmic rays extensive air showers</subfield></datafield><datafield ind1=" " ind2=" " tag="260"><subfield code="a">Bucharest</subfield><subfield code="b">Ifa</subfield><subfield code="c">2001</subfield></datafield><datafield ind1=" " ind2=" " tag="300"><subfield code="a">95P</subfield></datafield><datafield ind1=" " ind2=" " tag="502"><subfield code="a">Scientific Coordinators: Prof. Dr. M. Petrovici; Prof. Dr. H. Rebel</subfield></datafield><datafield ind1=" " ind2=" " tag="852"><subfield code="a">81242</subfield><subfield code="c">539.13</subfield></datafield><datafield ind1=" " ind2=" " tag="CAT"><subfield code="a">Sys</subfield><subfield code="c">20120227</subfield><subfield code="h">170852</subfield></datafield></record></collection>